00550cas a22002173  4500
001 9917735563502836
003 Nz
005 20210401183026.0
008 990929d18621864nz c||n|      |   b0eng d
035    $a 36413
035    $a (Nz)5094442
035    $a (NLNZils)1773556-ilsdb
040    $a WN $c WN
042    $a nznb
043    $a u-nz---
245 00 $a Dunstan news and Wakatipu advertiser.
260    $a Dunstan [N.Z.]
310    $a Semiweekly
362 0  $a 1862 Dec.30-1864?
651  0 $a Dunstan (N.Z.) $v Newspapers.
655  7 $a New Zealand newspapers. $2 local $5 Nz
